<?xml version="1.0" encoding="UTF-8"?><collection xmlns="http://www.loc.gov/MARC21/slim"><record><leader>00640nam--2200193-i-4500</leader><controlfield tag="001">000039651</controlfield><controlfield tag="002">20161230</controlfield><controlfield tag="005">20161230201042</controlfield><controlfield tag="008">060222s1000------------r-----000-0-eng-d</controlfield><datafield ind1=" " ind2=" " tag="040"><subfield code="a">IFIN-HH</subfield></datafield><datafield ind1=" " ind2=" " tag="080"><subfield code="a">539.16</subfield></datafield><datafield ind1="1" ind2=" " tag="100"><subfield code="a">Rossi, Bruno B</subfield></datafield><datafield ind1="1" ind2="0" tag="245"><subfield code="a">Ionization chambers and counters</subfield><subfield code="b">Experimental techniques</subfield><subfield code="c">Bruno b. rossi, hans h. staub</subfield></datafield><datafield ind1=" " ind2=" " tag="260"><subfield code="a">New York</subfield><subfield code="b">Mcgraw-hill Book Company, Inc</subfield><subfield code="c">1949</subfield></datafield><datafield ind1=" " ind2=" " tag="300"><subfield code="a">XVIII + 244P</subfield></datafield><datafield ind1=" " ind2=" " tag="490"><subfield code="a">National Nuclear Energy Series - Manhattan Project Technical Section</subfield><subfield code="v">Division V - Volume 2</subfield></datafield><datafield ind1="1" ind2=" " tag="700"><subfield code="a">Staub, Hans H</subfield></datafield><datafield ind1=" " ind2=" " tag="852"><subfield code="a">10732</subfield><subfield code="c">539.1.07:539.1.08</subfield></datafield><datafield ind1=" " ind2=" " tag="CAT"><subfield code="a">Sys</subfield><subfield code="c">20111017</subfield><subfield code="h">164539</subfield></datafield></record></collection>